@book{nielsen,
  title={Neural networks and deep learning},
  author={Nielsen, Michael A},
  year={2015},
  publisher={Determination press }
}

@article{Rumelhart1986LearningRB,
  title={Learning representations by back-propagating errors},
  author={David E. Rumelhart and Geoffrey E. Hinton and Ronald J. Williams},
  journal={Nature},
  year={1986},
  volume={323},
  pages={533-536}
}

