@book{rai,
  title={Advanced Deep Learning with R: Become an Expert at Designing, Building, and Improving Advanced Neural Network Models Using R},
  author={Rai, B.},
  isbn={9781789538779},
  url={https://books.google.com/books?id=HysqywEACAAJ},
  year={2019},
  publisher={Packt Publishing}
}

@article{Jospin,
	doi = {10.1109/mci.2022.3155327},
  
	url = {https://doi.org/10.1109%2Fmci.2022.3155327},
  
	year = 2022,
	month = {may},
  
	publisher = {Institute of Electrical and Electronics Engineers ({IEEE})},
  
	volume = {17},
  
	number = {2},
  
	pages = {29--48},
  
	author = {Laurent Valentin Jospin and Hamid Laga and Farid Boussaid and Wray Buntine and Mohammed Bennamoun},
  
	title = {Hands-On Bayesian Neural Networks{\textemdash}A Tutorial for Deep Learning Users},
  
	journal = {{IEEE} Computational Intelligence Magazine}
}}


@book{bishop,
  added-at = {2011-01-24T09:52:55.000+0100},
  author = {Bishop, C.M.},
  biburl = {https://www.bibsonomy.org/bibtex/2992504b34d1e4480654d4262945cb682/a.guidali},
  date-added = {2010-05-25 17:08:37 +0200},
  date-modified = {2010-05-25 17:08:37 +0200},
  interhash = {e7e5ff5e89d29b7fa2787aad12bea123},
  intrahash = {992504b34d1e4480654d4262945cb682},
  keywords = {imported},
  publisher = {Oxford University Press, USA},
  timestamp = {2011-01-24T09:52:56.000+0100},
  title = {{Neural networks for pattern recognition}},
  year = 1995
}


@unpublished{salad,
	Author = {Yu, Jerry, Creager, Elliot, Duvenaud, David, and Bettencourt, Jesse},
	Institution = {University of Toronto},
	Title = {{Bayesian Neural Networks}},
	Year = {2022}}
	
	
@book{nielsen,
  title={Neural networks and deep learning},
  author={Nielsen, Michael A},
  year={2015},
  publisher={Determination press }
}


@book{gelman2003bayesian,
  title={Bayesian Data Analysis, Second Edition},
  author={Gelman, A. and Carlin, J.B. and Stern, H.S. and Rubin, D.B.},
  isbn={9781420057294},
  series={Chapman \& Hall/CRC Texts in Statistical Science},
  url={https://books.google.com/books?id=TNYhnkXQSjAC},
  year={2003},
  publisher={Taylor \& Francis}
}

@book{lee2012bayesian,
  title={Bayesian Statistics: An Introduction},
  author={Lee, P.M.},
  isbn={9781118359778},
  lccn={2012008714},
  url={https://books.google.co.uk/books?id=WOW0KqWQwAcC},
  year={2012},
  publisher={Wiley}
}

@book{mcelreath2016statistical,
  title={Statistical Rethinking: A Bayesian Course with Examples in R and Stan},
  author={McElreath, R.},
  isbn={9781482253443},
  lccn={2015032008},
  series={A Chapman \& Hall book},
  url={https://books.google.com/books?id=d7fCsgEACAAJ},
  year={2016},
  publisher={CRC Press/Taylor \& Francis Group}
}


@book{Goodfellow-et-al-2016,
    title={Deep Learning},
    author={Ian Goodfellow and Yoshua Bengio and Aaron Courville},
    publisher={MIT Press},
    note={\url{http://www.deeplearningbook.org}},
    year={2016}
}

@book{jackson2019introduction,
  title={Introduction to artificial intelligence},
  author={Jackson, Philip C},
  year={2019},
  publisher={Courier Dover Publications}
}

@article{Rumelhart1986LearningRB,
  title={Learning representations by back-propagating errors},
  author={David E. Rumelhart and Geoffrey E. Hinton and Ronald J. Williams},
  journal={Nature},
  year={1986},
  volume={323},
  pages={533-536}
}

@book{bishop2006pattern,
  title={Pattern Recognition and Machine Learning},
  author={Bishop, C.M.},
  isbn={9780387310732},
  lccn={2006922522},
  series={Information Science and Statistics},
  url={https://books.google.com/books?id=qWPwnQEACAAJ},
  year={2006},
  publisher={Springer}
}